%YAML 1.1
%TAG !u! tag:unity3d.com,2011:
--- !u!1 &6530830414543834492
GameObject:
  m_ObjectHideFlags: 0
  m_CorrespondingSourceObject: {fileID: 0}
  m_PrefabInstance: {fileID: 0}
  m_PrefabAsset: {fileID: 0}
  serializedVersion: 6
  m_Component:
  - component: {fileID: 6087400526903166229}
  - component: {fileID: 3559337039131063774}
  m_Layer: 0
  m_Name: ShotPosition
  m_TagString: Untagged
  m_Icon: {fileID: 0}
  m_NavMeshLayer: 0
  m_StaticEditorFlags: 0
  m_IsActive: 1
--- !u!4 &6087400526903166229
Transform:
  m_ObjectHideFlags: 0
  m_CorrespondingSourceObject: {fileID: 0}
  m_PrefabInstance: {fileID: 0}
  m_PrefabAsset: {fileID: 0}
  m_GameObject: {fileID: 6530830414543834492}
  m_LocalRotation: {x: 0, y: 0, z: 0, w: 1}
  m_LocalPosition: {x: 0, y: 1, z: -6.2}
  m_LocalScale: {x: 1, y: 1, z: 1}
  m_Children: []
  m_Father: {fileID: 7651813982781974418}
  m_RootOrder: 1
  m_LocalEulerAnglesHint: {x: 0, y: 0, z: 0}
--- !u!114 &3559337039131063774
MonoBehaviour:
  m_ObjectHideFlags: 0
  m_CorrespondingSourceObject: {fileID: 0}
  m_PrefabInstance: {fileID: 0}
  m_PrefabAsset: {fileID: 0}
  m_GameObject: {fileID: 6530830414543834492}
  m_Enabled: 1
  m_EditorHideFlags: 0
  m_Script: {fileID: 11500000, guid: 09671ff166006574fadc0d27fa565727, type: 3}
  m_Name: 
  m_EditorClassIdentifier: 
--- !u!1 &7651813982781974422
GameObject:
  m_ObjectHideFlags: 0
  m_CorrespondingSourceObject: {fileID: 0}
  m_PrefabInstance: {fileID: 0}
  m_PrefabAsset: {fileID: 0}
  serializedVersion: 6
  m_Component:
  - component: {fileID: 7651813982781974418}
  - component: {fileID: 7493631281855085238}
  - component: {fileID: 1232045389674551546}
  m_Layer: 0
  m_Name: PlayerInput
  m_TagString: Untagged
  m_Icon: {fileID: 0}
  m_NavMeshLayer: 0
  m_StaticEditorFlags: 0
  m_IsActive: 1
--- !u!4 &7651813982781974418
Transform:
  m_ObjectHideFlags: 0
  m_CorrespondingSourceObject: {fileID: 0}
  m_PrefabInstance: {fileID: 0}
  m_PrefabAsset: {fileID: 0}
  m_GameObject: {fileID: 7651813982781974422}
  m_LocalRotation: {x: 0, y: 0, z: 0, w: 1}
  m_LocalPosition: {x: 5, y: 9.7, z: 3.675}
  m_LocalScale: {x: 1, y: 1, z: 1}
  m_Children:
  - {fileID: 8734638720490288467}
  - {fileID: 6087400526903166229}
  - {fileID: 1225011583288261358}
  - {fileID: 1912087930486423195}
  m_Father: {fileID: 0}
  m_RootOrder: 0
  m_LocalEulerAnglesHint: {x: 0, y: 0, z: 0}
--- !u!114 &7493631281855085238
MonoBehaviour:
  m_ObjectHideFlags: 0
  m_CorrespondingSourceObject: {fileID: 0}
  m_PrefabInstance: {fileID: 0}
  m_PrefabAsset: {fileID: 0}
  m_GameObject: {fileID: 7651813982781974422}
  m_Enabled: 1
  m_EditorHideFlags: 0
  m_Script: {fileID: 11500000, guid: be8499c6e69c93d4db50ffbeaad8d41d, type: 3}
  m_Name: 
  m_EditorClassIdentifier: 
  aimSpeed: 0.03
  discreteAimMultiplier: 50
  heightAimSpeed: 0.005
  aimSpinSpeed: 0.005
--- !u!114 &1232045389674551546
MonoBehaviour:
  m_ObjectHideFlags: 0
  m_CorrespondingSourceObject: {fileID: 0}
  m_PrefabInstance: {fileID: 0}
  m_PrefabAsset: {fileID: 0}
  m_GameObject: {fileID: 7651813982781974422}
  m_Enabled: 1
  m_EditorHideFlags: 0
  m_Script: {fileID: 11500000, guid: d5a57f767e5e46a458fc5d3c628d0cbb, type: 3}
  m_Name: 
  m_EditorClassIdentifier: 
  NetworkInstanceId: 0
  PrefabHash: 9230102066256089206
  PrefabHashGenerator: PlayerInput
  AlwaysReplicateAsRoot: 0
  DontDestroyWithOwner: 0
--- !u!1001 &4195999895554176933
PrefabInstance:
  m_ObjectHideFlags: 0
  serializedVersion: 2
  m_Modification:
    m_TransformParent: {fileID: 7651813982781974418}
    m_Modifications:
    - target: {fileID: 911609973980549909, guid: 53ad934e6fe25be47ad0f60a21dec944, type: 3}
      propertyPath: m_Name
      value: Cue
      objectReference: {fileID: 0}
    - target: {fileID: 4831381700559176438, guid: 53ad934e6fe25be47ad0f60a21dec944, type: 3}
      propertyPath: m_RootOrder
      value: 0
      objectReference: {fileID: 0}
    - target: {fileID: 4831381700559176438, guid: 53ad934e6fe25be47ad0f60a21dec944, type: 3}
      propertyPath: m_LocalPosition.x
      value: 0
      objectReference: {fileID: 0}
    - target: {fileID: 4831381700559176438, guid: 53ad934e6fe25be47ad0f60a21dec944, type: 3}
      propertyPath: m_LocalPosition.y
      value: 1
      objectReference: {fileID: 0}
    - target: {fileID: 4831381700559176438, guid: 53ad934e6fe25be47ad0f60a21dec944, type: 3}
      propertyPath: m_LocalPosition.z
      value: -6.2
      objectReference: {fileID: 0}
    - target: {fileID: 4831381700559176438, guid: 53ad934e6fe25be47ad0f60a21dec944, type: 3}
      propertyPath: m_LocalRotation.w
      value: 0.46390373
      objectReference: {fileID: 0}
    - target: {fileID: 4831381700559176438, guid: 53ad934e6fe25be47ad0f60a21dec944, type: 3}
      propertyPath: m_LocalRotation.x
      value: 0.5336603
      objectReference: {fileID: 0}
    - target: {fileID: 4831381700559176438, guid: 53ad934e6fe25be47ad0f60a21dec944, type: 3}
      propertyPath: m_LocalRotation.y
      value: 0.46390373
      objectReference: {fileID: 0}
    - target: {fileID: 4831381700559176438, guid: 53ad934e6fe25be47ad0f60a21dec944, type: 3}
      propertyPath: m_LocalRotation.z
      value: 0.5336603
      objectReference: {fileID: 0}
    - target: {fileID: 4831381700559176438, guid: 53ad934e6fe25be47ad0f60a21dec944, type: 3}
      propertyPath: m_LocalEulerAnglesHint.x
      value: 0
      objectReference: {fileID: 0}
    - target: {fileID: 4831381700559176438, guid: 53ad934e6fe25be47ad0f60a21dec944, type: 3}
      propertyPath: m_LocalEulerAnglesHint.y
      value: 90
      objectReference: {fileID: 0}
    - target: {fileID: 4831381700559176438, guid: 53ad934e6fe25be47ad0f60a21dec944, type: 3}
      propertyPath: m_LocalEulerAnglesHint.z
      value: 98
      objectReference: {fileID: 0}
    m_RemovedComponents:
    - {fileID: 5171117439480915348, guid: 53ad934e6fe25be47ad0f60a21dec944, type: 3}
  m_SourcePrefab: {fileID: 100100000, guid: 53ad934e6fe25be47ad0f60a21dec944, type: 3}
--- !u!4 &8734638720490288467 stripped
Transform:
  m_CorrespondingSourceObject: {fileID: 4831381700559176438, guid: 53ad934e6fe25be47ad0f60a21dec944, type: 3}
  m_PrefabInstance: {fileID: 4195999895554176933}
  m_PrefabAsset: {fileID: 0}
--- !u!1001 &8753258942357545476
PrefabInstance:
  m_ObjectHideFlags: 0
  serializedVersion: 2
  m_Modification:
    m_TransformParent: {fileID: 7651813982781974418}
    m_Modifications:
    - target: {fileID: 4870845818923269562, guid: 156e78eb5a6dc7446a6cf2df02e24c50, type: 3}
      propertyPath: m_Name
      value: CueHitPoint
      objectReference: {fileID: 0}
    - target: {fileID: 7528276035542522090, guid: 156e78eb5a6dc7446a6cf2df02e24c50, type: 3}
      propertyPath: m_RootOrder
      value: 2
      objectReference: {fileID: 0}
    - target: {fileID: 7528276035542522090, guid: 156e78eb5a6dc7446a6cf2df02e24c50, type: 3}
      propertyPath: m_LocalPosition.x
      value: -0.01
      objectReference: {fileID: 0}
    - target: {fileID: 7528276035542522090, guid: 156e78eb5a6dc7446a6cf2df02e24c50, type: 3}
      propertyPath: m_LocalPosition.y
      value: -13.02
      objectReference: {fileID: 0}
    - target: {fileID: 7528276035542522090, guid: 156e78eb5a6dc7446a6cf2df02e24c50, type: 3}
      propertyPath: m_LocalPosition.z
      value: -2.78
      objectReference: {fileID: 0}
    - target: {fileID: 7528276035542522090, guid: 156e78eb5a6dc7446a6cf2df02e24c50, type: 3}
      propertyPath: m_LocalRotation.w
      value: 1
      objectReference: {fileID: 0}
    - target: {fileID: 7528276035542522090, guid: 156e78eb5a6dc7446a6cf2df02e24c50, type: 3}
      propertyPath: m_LocalRotation.x
      value: 0
      objectReference: {fileID: 0}
    - target: {fileID: 7528276035542522090, guid: 156e78eb5a6dc7446a6cf2df02e24c50, type: 3}
      propertyPath: m_LocalRotation.y
      value: 0
      objectReference: {fileID: 0}
    - target: {fileID: 7528276035542522090, guid: 156e78eb5a6dc7446a6cf2df02e24c50, type: 3}
      propertyPath: m_LocalRotation.z
      value: 0
      objectReference: {fileID: 0}
    - target: {fileID: 7528276035542522090, guid: 156e78eb5a6dc7446a6cf2df02e24c50, type: 3}
      propertyPath: m_LocalEulerAnglesHint.x
      value: 0
      objectReference: {fileID: 0}
    - target: {fileID: 7528276035542522090, guid: 156e78eb5a6dc7446a6cf2df02e24c50, type: 3}
      propertyPath: m_LocalEulerAnglesHint.y
      value: 0
      objectReference: {fileID: 0}
    - target: {fileID: 7528276035542522090, guid: 156e78eb5a6dc7446a6cf2df02e24c50, type: 3}
      propertyPath: m_LocalEulerAnglesHint.z
      value: 0
      objectReference: {fileID: 0}
    m_RemovedComponents: []
  m_SourcePrefab: {fileID: 100100000, guid: 156e78eb5a6dc7446a6cf2df02e24c50, type: 3}
--- !u!4 &1225011583288261358 stripped
Transform:
  m_CorrespondingSourceObject: {fileID: 7528276035542522090, guid: 156e78eb5a6dc7446a6cf2df02e24c50, type: 3}
  m_PrefabInstance: {fileID: 8753258942357545476}
  m_PrefabAsset: {fileID: 0}
--- !u!1001 &8762338845915560442
PrefabInstance:
  m_ObjectHideFlags: 0
  serializedVersion: 2
  m_Modification:
    m_TransformParent: {fileID: 7651813982781974418}
    m_Modifications:
    - target: {fileID: 2653414819832410549, guid: 14e29ec96acf2aa4cb863587ec3ff5d4, type: 3}
      propertyPath: m_Name
      value: CueCameraObject
      objectReference: {fileID: 0}
    - target: {fileID: 7139064226673543009, guid: 14e29ec96acf2aa4cb863587ec3ff5d4, type: 3}
      propertyPath: m_RootOrder
      value: 3
      objectReference: {fileID: 0}
    - target: {fileID: 7139064226673543009, guid: 14e29ec96acf2aa4cb863587ec3ff5d4, type: 3}
      propertyPath: m_LocalPosition.x
      value: 0
      objectReference: {fileID: 0}
    - target: {fileID: 7139064226673543009, guid: 14e29ec96acf2aa4cb863587ec3ff5d4, type: 3}
      propertyPath: m_LocalPosition.y
      value: 0
      objectReference: {fileID: 0}
    - target: {fileID: 7139064226673543009, guid: 14e29ec96acf2aa4cb863587ec3ff5d4, type: 3}
      propertyPath: m_LocalPosition.z
      value: 0
      objectReference: {fileID: 0}
    - target: {fileID: 7139064226673543009, guid: 14e29ec96acf2aa4cb863587ec3ff5d4, type: 3}
      propertyPath: m_LocalRotation.w
      value: 1
      objectReference: {fileID: 0}
    - target: {fileID: 7139064226673543009, guid: 14e29ec96acf2aa4cb863587ec3ff5d4, type: 3}
      propertyPath: m_LocalRotation.x
      value: 0
      objectReference: {fileID: 0}
    - target: {fileID: 7139064226673543009, guid: 14e29ec96acf2aa4cb863587ec3ff5d4, type: 3}
      propertyPath: m_LocalRotation.y
      value: 0
      objectReference: {fileID: 0}
    - target: {fileID: 7139064226673543009, guid: 14e29ec96acf2aa4cb863587ec3ff5d4, type: 3}
      propertyPath: m_LocalRotation.z
      value: 0
      objectReference: {fileID: 0}
    - target: {fileID: 7139064226673543009, guid: 14e29ec96acf2aa4cb863587ec3ff5d4, type: 3}
      propertyPath: m_LocalEulerAnglesHint.x
      value: 0
      objectReference: {fileID: 0}
    - target: {fileID: 7139064226673543009, guid: 14e29ec96acf2aa4cb863587ec3ff5d4, type: 3}
      propertyPath: m_LocalEulerAnglesHint.y
      value: 0
      objectReference: {fileID: 0}
    - target: {fileID: 7139064226673543009, guid: 14e29ec96acf2aa4cb863587ec3ff5d4, type: 3}
      propertyPath: m_LocalEulerAnglesHint.z
      value: 0
      objectReference: {fileID: 0}
    m_RemovedComponents: []
  m_SourcePrefab: {fileID: 100100000, guid: 14e29ec96acf2aa4cb863587ec3ff5d4, type: 3}
--- !u!4 &1912087930486423195 stripped
Transform:
  m_CorrespondingSourceObject: {fileID: 7139064226673543009, guid: 14e29ec96acf2aa4cb863587ec3ff5d4, type: 3}
  m_PrefabInstance: {fileID: 8762338845915560442}
  m_PrefabAsset: {fileID: 0}
